<record xmlns="http://www.loc.gov/MARC21/slim" xmlns:xsi="http://www.w3.org/2001/XMLSchema-instance" xsi:schemaLocation="http://www.loc.gov/MARC21/slim http://www.loc.gov/standards/marcxml/schema/MARC21slim.xsd"><leader>01229cz   2200289n  4500</leader><controlfield tag="001">oca00370723 </controlfield><controlfield tag="005">20040225153304.0</controlfield><controlfield tag="008">800320n| acannaabn          |a aaa      </controlfield><datafield ind1=" " ind2=" " tag="010"><subfield code="a">n  79139459 </subfield></datafield><datafield ind1=" " ind2=" " tag="040"><subfield code="a">DLC</subfield><subfield code="b">eng</subfield><subfield code="c">DLC</subfield><subfield code="d">DLC</subfield><subfield code="d">Uk</subfield><subfield code="d">OCoLC</subfield><subfield code="d">DLC</subfield></datafield><datafield ind1="0" ind2=" " tag="100"><subfield code="a">Plato</subfield></datafield><datafield ind1="0" ind2=" " tag="400"><subfield code="a">Aplaton</subfield></datafield><datafield ind1="0" ind2=" " tag="400"><subfield code="a">AflaÌ&#x84;tÌ£uÌ&#x84;n</subfield></datafield><datafield ind1="0" ind2=" " tag="400"><subfield code="a">Po-la-tÊ»u</subfield></datafield><datafield ind1="0" ind2=" " tag="400"><subfield code="a">PÊ»uratÊ»on</subfield></datafield><datafield ind1="0" ind2=" " tag="400"><subfield code="a">Platone</subfield></datafield><datafield ind1="0" ind2=" " tag="400"><subfield code="a">Platonas</subfield></datafield><datafield ind1="0" ind2=" " tag="400"><subfield code="a">PÊ»uÌ&#x86;llatÊ»o</subfield></datafield><datafield ind1="0" ind2=" " tag="400"><subfield code="a">PÊ»uÌ&#x86;llatÊ»on</subfield></datafield><datafield ind1="0" ind2=" " tag="500"><subfield code="a">Platon</subfield></datafield><datafield ind1=" " ind2=" " tag="670"><subfield code="a">Cresson, A. Platon ... 1941.</subfield></datafield><datafield ind1=" " ind2=" " tag="670"><subfield code="a">Yi, C.H. PÊ»uÌ&#x86;llatÊ»o chÊ»oÌ&#x86;rhak yoÌ&#x86;nÊ¼gu, 1981:</subfield><subfield code="b">t.p. (PÊ»uÌ&#x86;llatÊ»o)</subfield></datafield><datafield ind1=" " ind2=" " tag="670"><subfield code="a">Glucker, J. PirkÌ£e mavo le-AplatÌ£on, 1985:</subfield><subfield code="b">t.p. (AplatÌ£on)</subfield></datafield><datafield ind1=" " ind2=" " tag="670"><subfield code="a">Pak, C.H. PÊ»uÌ&#x86;llatÊ»on, 1987:</subfield><subfield code="b">t.p. (PÊ»uÌ&#x86;llatÊ»on)</subfield></datafield><datafield ind1=" " ind2=" " tag="670"><subfield code="a">BjoÌ&#x88;rn's Guide To Philosophy - Plato</subfield><subfield code="b">(Plato, c. 429-347 BC)</subfield></datafield><datafield ind1=" " ind2=" " tag="670"><subfield code="a">Google, 02-06-02</subfield><subfield code="b">top-biography.com/0010-Plato/index2 (Plato, Plato was born in the spring of year 427 BC, in the island of Agina, near Athens. His father was Ariston. His mother was Perictone who belonged to the highly esteemed family of Solon, the early Greek philosopher; he died 347 B.C.)</subfield></datafield><datafield ind1=" " ind2=" " tag="670"><subfield code="a">Encyclopedia Britannica</subfield><subfield code="b">(Plato b. about 428 B.C., d. 347 B.C.)</subfield></datafield></record>